@misc{ideaconcept,
      title="The IDEA detector concept for FCC-ee", 
      author="The IDEA Study Group",
      year={2025},
      eprint={2502.21223},
      archivePrefix={arXiv},
}

@article{idea2,
    author = "Antonello, M.",
    editor = "D'Ambrosio, G. and De Nardo, G.",
    collaboration = "RD-FA",
    title = "{IDEA: A detector concept for future leptonic colliders}",
    doi = "10.1393/ncc/i2020-20027-2",
    journal = "Nuovo Cim. C",
    volume = "43",
    number = "2-3",
    pages = "27",
    year = "2020"
}

@misc{cldconcept,
      title={CLD -- A Detector Concept for the FCC-ee}, 
      author={N. Bacchetta and J. -J. Blaising and E. Brondolin and M. Dam and D. Dannheim and K. Elsener and D. Hynds and P. Janot and A. M. Kolano and E. Leogrande and L. Linssen and A. Nürnberg and E. F. Perez and M. Petrič and P. Roloff and A. Sailer and N. Siegrist and O. Viazlo and G. G. Voutsinas and M. A. Weber},
      year={2019},
      eprint={1911.12230},
      archivePrefix={arXiv},
}

@article{allegroconcept,
title = {ALLEGRO FCC-ee detector concept & Noble liquid calorimetry},
journal = "Nucl. Instr. and Methods A",
volume = {1069},
pages = {169921},
year = {2024},
issn = {0168-9002},
doi = {https://doi.org/10.1016/j.nima.2024.169921},
author = {Juska Pekkanen},
}

@misc{fccatcern,
      title={The Future Circular Collider (FCC) at CERN}, 
      author={Rebeca Gonzalez Suarez},
      year={2022},
      eprint={2204.10029},
      archivePrefix={arXiv},
}

@article{FCCeeconcept,
    author = "Abada, A. and others",
    collaboration = "FCC",
    title = "{FCC-ee: The Lepton Collider}: {Future Circular Collider Conceptual Design Report Volume 2}",
    reportNumber = "CERN-ACC-2018-0057",
    doi = "10.1140/epjst/e2019-900045-4",
    journal = "Eur. Phys. J. ST",
    volume = "228",
    number = "2",
    pages = "261--623",
    year = "2019"
}